@Book{
	lighting-engineering,
	title = {Справочная книга по светотехнике},
	editor = {Ю. Б. Айзенберга},
	location = {М.},
	publisher = {Энергоатомиздат},
	year = {1995},
	pagetotal = {526},
	language = {russian},
}

@Book{
	lasers,
	title = {Справочник по лазерам},
	editor = {A. M. Прохорова},
	location = {М.},
	publisher = {Советское ра­дио},
	year = {1978},
	volume = {1},
	pagetotal = {503},
	language = {russian},
}

@Book{
	neodymium-glass-lasers,
	author = {Мак, А. А. and Соме, Л. П. and Фромзель, В. А.},
	title = {Лазеры на неодимовом стекле},
	location = {М.},
	publisher = {Наука},
	year = {1990},
	pagetotal = {228},
	language = {russian},
}

@Book{
	sarychev,
	author = {Сарычев, Г. С.},
	title = {Облучательные светотехнические установки},
	location = {М.},
	publisher = {Энер­гоатомиздат},
	year = {1992},
	pagetotal = {108},
	language = {russian},
}


@Book{
	radiation-heat-transfer,
	author = {Зигель, Р. and Хауэлл, Дж.},
	title = {Теплообмен излучением},
	location = {М.},
	publisher = {Мир},
	year = {1975},
	pagetotal = {934},
	language = {russian},
}

@Book{
	encyclopedia-of-low-temperature-plasma,
	title = {Энциклопедия низкотемпературной плазмы},
	editor = {академика В. Е. Фортова},
	location = {М.},
	publisher = {Наука / Интерпериодика},
	year = {2000},
	language = {russian},
}

@Book{
	surzhikov,
	author = {Суржиков, Сергей Тимофевич},
	title = {Компьютерная аэрофизика спускаемых космических аппаратов. Двухмерные модели},
	editor = {Е. С. Артоболевской},
	location = {М.},
	publisher = {Физмалит},
	year = {2018},
	pagetotal = {544},
	language = {russian},
}

@Thesis{
	gradov-dissertation,
	author = {Градов, Владимир Михайлович},
	title = {Разработка методов расчета и исследование радиационных процессов в системах с разрядными источниками селективного излучения},
	institution = {МГТУ им. Н. Э. Баумана.},
	year = {2002},
	type = {docthesis},
	major = {технических наук},
	pagetotal = {326},
	language = {russian},
}
